3892 5642
962 319 1162 380 ,0.-

366 516 615 601 abstrusiora,
655 515 796 590 facilior
815 520 937 612 pateat
965 537 1166 593 accessus.
1189 517 1350 613 primum
1383 517 1427 590 de
1447 515 1613 599 ratione,
1642 540 1755 614 quam

366 623 601 697 Theocritum
621 623 797 697 imitando
814 628 962 696 secutus
979 624 1025 696 sit
1035 623 1222 720 Virgilius,
1241 623 1503 720 disputandum
1518 623 1753 698 arbitramur.

472 729 599 826 ltaque
619 732 734 804 artem
754 730 921 803 imitandi
940 752 1014 803 non
1034 730 1126 804 adeo
1146 729 1289 803 facilem
1310 730 1443 815 fuisse,
1466 753 1575 827 quam
1596 731 1755 827 plerum-

367 860 437 934 que
457 837 502 910 ab
517 837 695 932 imperitis
711 837 956 909 existimatum
972 841 1038 922 est,
1056 837 1118 934 qui
1134 837 1219 910 vitio
1236 859 1345 932 saepe
1362 837 1631 911 dedecorarunt
1646 840 1755 911 etiam

366 967 420 1029 ea,
443 965 537 1041 quae
557 943 708 1016 eruditis
727 945 765 1015 10
785 954 937 1040 accepta
957 943 1189 1023 referebant
1226 942 1396 1017 omnibus
1417 966 1506 1017 sane
1539 949 1667 1018 notum
1687 949 1752 1018 est.

365 1049 506 1137 Fuisse,
529 1051 590 1147 qui
610 1053 736 1135 totum,
760 1051 857 1147 quod
877 1051 1055 1146 legerunt,
1074 1047 1354 1134 describerent,
1376 1051 1467 1124 alios
1488 1051 1668 1148 quaedam
1688 1053 1755 1123 im-

366 1162 530 1231 mutasse
551 1162 585 1230 et
605 1179 697 1252 opus
717 1157 864 1253 aliquod
885 1180 928 1230 ex
949 1157 1062 1230 variis
1081 1157 1188 1231 alieni
1209 1159 1330 1253 operis
1349 1158 1440 1230 locis
1460 1158 1752 1242 consarcinasse,

367 1265 466 1338 haud
487 1263 672 1337 absimiles
693 1263 918 1359 pictoribus,
956 1265 1018 1361 qui
1037 1268 1183 1360 pratum
1203 1263 1459 1337 adumbraturi
1492 1264 1636 1337 tabulae
1666 1287 1755 1338 suae

368 1373 560 1468 decerptos
580 1370 664 1443 inde
684 1371 794 1444 liores
814 1370 982 1444 feruntur
1000 1372 1220 1445 innexuisse.
1238 1371 1317 1444 Hos
1332 1371 1546 1467 increpabat
1565 1371 1753 1456 Horatius,

367 1501 479 1574 quum
501 1477 582 1572 (Ep.
604 1477 631 1550 Ι.
657 1475 715 1562 ta,
742 1475 820 1572 19.)
841 1479 1003 1552 diceret:

581 1616 605 1680 Ο
630 1618 811 1694 imitatores,
837 1637 962 1682 servum
987 1638 1090 1700 pecua,
1115 1622 1149 1682 ut
1173 1617 1252 1680 mihi
1276 1637 1367 1700 saepe

583 1705 690 1782 ltilem,
715 1727 806 1789 saepe
826 1706 934 1787 jocum
959 1708 1052 1770 vestri
1076 1727 1200 1770 movere
1225 1706 1387 1770 tumultus.

473 1850 568 1923 Vitia
589 1851 681 1924 haec
702 1853 838 1924 evitare
858 1853 958 1924 novit
978 1851 1162 1924 Theocriti
1181 1853 1342 1924 imitator
1360 1851 1555 1950 Virgilius,
1598 1854 1659 1949 qui
1688 1875 1755 1949 pro

363 1958 493 2055 judicii
513 1958 571 2030 sui
590 1959 823 2040 maturitate,
851 1958 938 2054 quid
958 1980 1180 2054 unaquaque
1199 1959 1296 2031 inre
1316 1960 1492 2054 optimum
1519 1963 1625 2044 esset,
1657 1960 1756 2033 clare

366 2063 620 2161 perspiciebat.
671 2065 747 2155 Qua
768 2065 812 2138 de
851 2087 965 2138 causa
985 2087 1059 2137 non
1080 2064 1254 2138 adhaeret
1292 2066 1410 2139 solum
1449 2066 1502 2138 ad
1515 2065 1649 2151 verba,
1690 2067 1757 2140 sed

367 2171 524 2243 maxime
545 2171 689 2266 copiam
709 2173 900 2247 sermonis.
942 2171 1159 2267 disponendi
1178 2172 1421 2266 prudentiam
1448 2172 1652 2246 efficaciam
1674 2196 1756 2268 per-

368 2277 557 2361 suadendi,
597 2277 811 2350 elocutionis
831 2279 1291 2404 varietateiqaemulatum
1322 2301 1381 2352 res
1401 2302 1476 2352 non
1495 2278 1618 2353 verbis
1638 2281 1755 2352 inani-

367 2383 461 2469 bus,
498 2384 562 2456 sed
583 2385 770 2458 sententiis
790 2385 907 2480 iisque
927 2384 1104 2480 gravibus
1129 2388 1300 2471 exornat3
1336 2387 1406 2459 hoc
1440 2386 1628 2483 decerpit,
1667 2386 1756 2458 illud

367 2492 510 2588 rejicit,
532 2491 602 2564 hoc
622 2493 774 2564 immuta
807 2551 813 2575 ,
853 2491 942 2563 illud
961 2502 1082 2586 auget,
1104 2495 1293 2587 praeterea
1313 2515 1386 2566 uno
1406 2494 1590 2566 interdurn
1611 2493 1756 2568 eodem-

370 2621 440 2694 que
459 2598 540 2671 loco
561 2597 728 2670 diversos
766 2599 997 2694 maximeque
1021 2598 1169 2672 dissitos
1208 2598 1392 2672 Theocriti
1428 2623 1559 2674 versus
1598 2601 1757 2673 breviter

368 2705 546 2800 exprimit,
585 2726 850 2801 nonnunquam
890 2727 977 2778 vero
1016 2727 1078 2789 ea,
1115 2707 1268 2801 quaein
1288 2718 1362 2779 000
1402 2708 1565 2781 carmine
1598 2727 1757 2804 graecus

369 2811 550 2907 simulque
570 2811 720 2896 dixerat,
742 2833 808 2907 per
846 2812 938 2884 duas
959 2814 1080 2885 tresve
1100 2813 1248 2909 eclogas
1287 2813 1464 2908 singulari
1497 2835 1651 2909 prorsus
1671 2814 1757 2885 arti-

368 2917 453 2992 ficio
484 2918 671 3014 dispergit.

477 3025 574 3116 Quae
595 3048 706 3121 quum
728 3026 777 3098 110
798 3026 881 3114 sint,
920 3047 995 3098 non
1024 3025 1238 3122 urgebimus
1270 3025 1464 3122 Virgilium
1501 3029 1582 3124 ipsa
1611 3049 1757 3124 quoque

369 3133 519 3204 nomina
537 3134 739 3228 pastorum,
762 3131 930 3205 Meliboei
967 3136 1056 3228 puta
1076 3136 1110 3206 et
1130 3132 1255 3228 Tityri,
1278 3155 1299 3204 a
1332 3132 1525 3207 Theocrito
1546 3135 1755 3229 accepisse;

370 3260 445 3311 non
466 3238 629 3311 dicemus
650 3261 732 3310 eum
753 3243 952 3334 praeeunte
973 3239 1167 3312 Theocrito
1188 3239 1295 3334 (Idyl.
1321 3239 1400 3331 la.)
1420 3236 1545 3322 σκιερὴν
1567 3231 1630 3299 ὑπὸ
1659 3235 1759 3323 φηγόν

373 3345 540 3440 „patulae
561 3342 628 3417 sub
649 3346 808 3440 tegmine
836 3344 933 3442 tagi“
960 3346 1052 3440 (Ecl.
1078 3346 1130 3438 1.)
1167 3346 1403 3431 recubuisse;
1444 3367 1513 3420 nec
1543 3347 1758 3420 docebimus

372 3453 481 3525 etiarn
519 3451 616 3547 apud
650 3451 884 3524 Theocritum
917 3452 1036 3526 fontes
1073 3459 1246 3537 ,sacros“
1299 3448 1352 3546 (τὁ
1377 3443 1757 3549 100101560011011.)

369 3559 497 3632 vocari
516 3561 768 3656 turturemque
807 3619 821 3644 „
829 3581 976 3656 gemere
984 3569 998 3595 “
1027 3550 1149 3652 (ἔστενε
1172 3553 1289 3638 vuardo
1307 3559 1397 3654 ldyl.
1421 3559 1487 3655 7.).
1518 3561 1622 3634 11000
1642 3583 1758 3656 parva
1846 3610 1851 3619 ·

370 3670 466 3739 sunt.
489 3665 591 3756 Quod
611 3669 733 3738 tamen
754 3666 801 3738 ad
821 3665 986 3762 eclogam
1008 3667 1209 3739 secundam
1230 3667 1367 3750 attinet,
1388 3669 1460 3740 ista
1480 3668 1574 3761 (dcl.
1597 3668 1631 3751 2,
1657 3666 1756 3759 lta:

585 3802 609 3867 Ο
634 3805 769 3869 formose
792 3824 878 3887 puer,
905 3805 1040 3868 nimium
1063 3826 1103 3869 ne
1126 3808 1218 3869 crede
1243 3805 1347 3884 colori,

586 3893 666 3956 Alba
688 3893 820 3977 ligustra
843 3897 969 3972 cadunt,

372 4020 521 4104 faciunt,
560 4021 657 4093 utin
677 4021 893 4094 memoriam
912 4023 1125 4120 redigamus
1145 4046 1198 4107 ea,
1240 4043 1333 4117 quae
1353 4019 1569 4093 Theocritus
1588 4013 1760 4100 101011οἦΙ

333 4183 336 4188 .
372 4126 480 4223 (ldyl.
504 4125 584 4219 23.)
604 4130 747 4212 tractat,
771 4151 883 4224 quum
905 4131 953 4201 011
975 4155 982 4201 ;

586 4262 788 4341 1101001111ος
811 4263 1000 4342 00110νέ00,
1025 4263 1245 4343 0100ιό000,
1270 4260 1339 4328 dlt'
1363 4260 1470 4346 ὀλίγον
1497 4263 1544 4350 ζῇ.

478 4393 524 4465 Ε1
543 4392 614 4477 1110,
654 4393 787 4488 quibus
808 4392 980 4488 Corydon
998 4393 1197 4476 Alexidem,
1219 4396 1259 4464 ut
1279 4415 1372 4488 quae
1391 4393 1477 4466 velit
1496 4392 1594 4466 100111
1613 4395 1760 4490 negotio

374 4497 552 4679 pepigere
571 4501 697 4699 possit,
738 4522 843 4572 suam
862 4501 901 4573 10
920 4503 1063 4595 partem
1082 4521 1217 4572 vocare
1237 4499 1368 4583 studet,
1400 4522 1512 4595 quum
1548 4499 1635 4573 dicit
1664 4500 1758 4596 (Ecl.

402 4651 455 4678 .a
488 4628 572 4702 .sq.
614 4632 620 4677 :

590 4744 614 4808 Ο
640 4748 762 4809 tantum
787 4746 880 4810 libeat
903 4766 1026 4810 mecum
1051 4745 1109 4808 tibi
1133 4746 1258 4809 sordida
1281 4766 1363 4821 rura,

587 4835 692 4916 Atque
716 4833 850 4898 humiles
875 4833 1014 4898 habitare
1039 4854 1135 4911 casas,
1160 4840 1190 4898 et
1214 4835 1311 4918 ligere
1335 4854 1450 4912 cervos,

588 4924 830 5006 Hoedorumque
853 4943 984 5008 gregem
1008 4923 1099 4987 viridi
1123 4923 1306 5007 compellere
1331 4923 1461 4999 hibisco,

374 5052 409 5125 10
432 5053 645 5126 memoriam
665 5053 840 5126 revocant
859 5052 951 5126 haec
970 5056 1100 5147 poetae
1119 5052 1245 5148 graeci
1264 5050 1377 5125 verba
1397 5050 1504 5146 (ldyl.
1530 5049 1609 5144 11.)
1631 5077 1637 5122 :
